@article{tapanainen1996,

author = "Tapanainen, Pasi"
title = {{The Constraint Grammar Parser CG-2}},
book = {{No 27, Publications of the Department of General Linguistics, University of Helsinki}}
year = "1996" }

@inproceedings{koskenniemi92,
  author    = {Kimmo Koskenniemi and
               Pasi Tapanainen and
               Atro Voutilainen},
  title     = {Compiling and Using Finite-State Syntactic Rules},
  booktitle = {14th International Conference on Computational Linguistics, {COLING}
               1992, Nantes, France, August 23-28, 1992},
  pages     = {156--162},
  year      = {1992},
  crossref  = {DBLP:conf/coling/1992},
  url       = {http://aclweb.org/anthology/C92-1027},
  timestamp = {Wed, 06 Mar 2013 17:08:57 +0100},
  biburl    = {http://dblp.uni-trier.de/rec/bib/conf/coling/KoskenniemiTV92},
  bibsource = {dblp computer science bibliography, http://dblp.org}
}