@article{tapanainen1996,
  author = "Tapanainen, Pasi",
  title = {{The Constraint Grammar Parser CG-2}},
  book = {{No 27, Publications of the Department of General Linguistics, University of Helsinki}},
  year = "1996" }

@book{karlsson1995constraint,
  title={{Constraint Grammar}: a language-independent system for parsing unrestricted text},
  author={Karlsson, Fred and Voutilainen, Atro and Heikkil{\"{a}}, Juha and Anttila, Arto},
  volume={4},
  year={1995},
  publisher={Walter de Gruyter}
}
@inproceedings{koskenniemi92,
  author    = {Kimmo Koskenniemi and
               Pasi Tapanainen and
               Atro Voutilainen},
  title     = {Compiling and Using Finite-State Syntactic Rules},
  booktitle = {14th International Conference on Computational Linguistics, {COLING}
               1992, Nantes, France, August 23-28, 1992},
  year      = {1992},
  url       = {http://aclweb.org/anthology/C92-1027},
  timestamp = {Wed, 06 Mar 2013 17:08:57 +0100},
  biburl    = {http://dblp.uni-trier.de/rec/bib/conf/coling/KoskenniemiTV92},
  bibsource = {dblp computer science bibliography, http://dblp.org}
}
%  pages     = {156--162}}

@inproceedings{lager_nivre01,
  author    = {Torbj{\"{o}}rn Lager and
               Joakim Nivre},
  title     = {{Part of speech tagging from a logical point of view}},
  booktitle = {Logical Aspects of Computational Linguistics, 4th International Conference,
               {LACL} 2001, Le Croisic, France, June 27-29, 2001, Proceedings},
  year      = {2001}}
%  pages     = {212--227}}

@inproceedings{lager01transformation,
  title={Transformation-based learning of rules for constraint grammar tagging},
  author={Lager, Torbj{\"o}rn},
  booktitle={Proceedings of the 13th Nordic Conference on Computational Linguistics},
  year={2001}
}
%  pages={21--22}}

@InProceedings{lager98,
  author =	{Torbj{\"{o}}rn Lager },
  booktitle =	 { Proceedings of the 11th Nordic Conference on Computational Linguistics},
  title =	 {{Logic for part of speech tagging and shallow parsing}},
  year =	 {1998}
}

@incollection{lindberg_eineborg98ilp, 
  year={1998},
  booktitle={Inductive Logic Programming},
  volume={1446},
  series={Lecture Notes in Computer Science},
  editor={Page, David},
  title={Induction of Constraint Grammar-rules using Progol},
  publisher={Springer Berlin Heidelberg},
  author={Eineborg, Martin and Lindberg, Nikolaj},
}
%  pages={116-124}}


@inproceedings{lindberg_eineborg98coling,
  author    = {Nikolaj Lindberg and
               Martin Eineborg},
  title     = {Learning {Constraint Grammar}-style Disambiguation Rules using Inductive
               Logic Programming},
  booktitle = {36th Annual Meeting of the Association for Computational Linguistics
               and 17th International Conference on Computational Linguistics, {COLING-ACL}
               '98},
  year      = {1998},
  crossref  = {DBLP:conf/acl/1998},
  url       = {http://aclweb.org/anthology/P/P98/P98-2128.pdf},
  timestamp = {Wed, 06 Mar 2013 17:08:57 +0100},
  biburl    = {http://dblp.uni-trier.de/rec/bib/conf/acl/LindbergE98},
  bibsource = {dblp computer science bibliography, http://dblp.org}
}
%  pages     = {775--779}}

@MastersThesis{asfrent14,
    author     =     {Andrei Sfrent},
    title     =     {{Machine Learning of Rules for Part of
Speech Tagging}},
    school     =     {{Imperial College London}},
    address     =     {United Kingdom},
    year     =     {2014},
    }